%YAML 1.1
%TAG !u! tag:unity3d.com,2011:
--- !u!1 &1379629618282145004
GameObject:
  m_ObjectHideFlags: 0
  m_CorrespondingSourceObject: {fileID: 0}
  m_PrefabInstance: {fileID: 0}
  m_PrefabAsset: {fileID: 0}
  serializedVersion: 6
  m_Component:
  - component: {fileID: 1379629618282145003}
  - component: {fileID: 1379629618282145002}
  m_Layer: 0
  m_Name: TeleportalGroup_Out
  m_TagString: Untagged
  m_Icon: {fileID: 0}
  m_NavMeshLayer: 0
  m_StaticEditorFlags: 0
  m_IsActive: 1
--- !u!4 &1379629618282145003
Transform:
  m_ObjectHideFlags: 0
  m_CorrespondingSourceObject: {fileID: 0}
  m_PrefabInstance: {fileID: 0}
  m_PrefabAsset: {fileID: 0}
  m_GameObject: {fileID: 1379629618282145004}
  m_LocalRotation: {x: 0, y: 0, z: 0, w: 1}
  m_LocalPosition: {x: 0, y: 0, z: -50}
  m_LocalScale: {x: 1, y: 1, z: 1}
  m_Children:
  - {fileID: 1379629619597849062}
  - {fileID: 3078645726967716483}
  - {fileID: 3078645727350466761}
  m_Father: {fileID: 1379629618588896049}
  m_RootOrder: 1
  m_LocalEulerAnglesHint: {x: 0, y: 0, z: 0}
--- !u!114 &1379629618282145002
MonoBehaviour:
  m_ObjectHideFlags: 0
  m_CorrespondingSourceObject: {fileID: 0}
  m_PrefabInstance: {fileID: 0}
  m_PrefabAsset: {fileID: 0}
  m_GameObject: {fileID: 1379629618282145004}
  m_Enabled: 1
  m_EditorHideFlags: 0
  m_Script: {fileID: 11500000, guid: 5c02e795ff50b744ebe50beef362dbb0, type: 3}
  m_Name: 
  m_EditorClassIdentifier: 
  teleportalOutList: []
  elementalType: 0
--- !u!1 &1379629618588896050
GameObject:
  m_ObjectHideFlags: 0
  m_CorrespondingSourceObject: {fileID: 0}
  m_PrefabInstance: {fileID: 0}
  m_PrefabAsset: {fileID: 0}
  serializedVersion: 6
  m_Component:
  - component: {fileID: 1379629618588896049}
  - component: {fileID: 1379629618588896048}
  m_Layer: 0
  m_Name: Block
  m_TagString: Untagged
  m_Icon: {fileID: 0}
  m_NavMeshLayer: 0
  m_StaticEditorFlags: 0
  m_IsActive: 1
--- !u!4 &1379629618588896049
Transform:
  m_ObjectHideFlags: 0
  m_CorrespondingSourceObject: {fileID: 0}
  m_PrefabInstance: {fileID: 0}
  m_PrefabAsset: {fileID: 0}
  m_GameObject: {fileID: 1379629618588896050}
  m_LocalRotation: {x: 0, y: 0, z: 0, w: 1}
  m_LocalPosition: {x: 0, y: 0, z: 0}
  m_LocalScale: {x: 1, y: 1, z: 1}
  m_Children:
  - {fileID: 1379629618870178949}
  - {fileID: 1379629618282145003}
  - {fileID: 1379629619650778450}
  m_Father: {fileID: 0}
  m_RootOrder: 0
  m_LocalEulerAnglesHint: {x: 0, y: 0, z: 0}
--- !u!114 &1379629618588896048
MonoBehaviour:
  m_ObjectHideFlags: 0
  m_CorrespondingSourceObject: {fileID: 0}
  m_PrefabInstance: {fileID: 0}
  m_PrefabAsset: {fileID: 0}
  m_GameObject: {fileID: 1379629618588896050}
  m_Enabled: 1
  m_EditorHideFlags: 0
  m_Script: {fileID: 11500000, guid: 78e89085e1b4f144eb3de73a3a1f9475, type: 3}
  m_Name: 
  m_EditorClassIdentifier: 
  elementalType: 0
--- !u!1 &1379629618870178950
GameObject:
  m_ObjectHideFlags: 0
  m_CorrespondingSourceObject: {fileID: 0}
  m_PrefabInstance: {fileID: 0}
  m_PrefabAsset: {fileID: 0}
  serializedVersion: 6
  m_Component:
  - component: {fileID: 1379629618870178949}
  - component: {fileID: 1379629618870178948}
  m_Layer: 0
  m_Name: Stage
  m_TagString: Stage
  m_Icon: {fileID: 0}
  m_NavMeshLayer: 0
  m_StaticEditorFlags: 0
  m_IsActive: 1
--- !u!4 &1379629618870178949
Transform:
  m_ObjectHideFlags: 0
  m_CorrespondingSourceObject: {fileID: 0}
  m_PrefabInstance: {fileID: 0}
  m_PrefabAsset: {fileID: 0}
  m_GameObject: {fileID: 1379629618870178950}
  m_LocalRotation: {x: -0, y: -0, z: -0, w: 1}
  m_LocalPosition: {x: 0, y: 0, z: 0}
  m_LocalScale: {x: 1, y: 1, z: 1}
  m_Children:
  - {fileID: 1379629619127028798}
  - {fileID: 8682145420244994454}
  - {fileID: 8682145418285335583}
  - {fileID: 8682145419106302699}
  - {fileID: 8682145418342436185}
  m_Father: {fileID: 1379629618588896049}
  m_RootOrder: 0
  m_LocalEulerAnglesHint: {x: 0, y: 0, z: 0}
--- !u!114 &1379629618870178948
MonoBehaviour:
  m_ObjectHideFlags: 0
  m_CorrespondingSourceObject: {fileID: 0}
  m_PrefabInstance: {fileID: 0}
  m_PrefabAsset: {fileID: 0}
  m_GameObject: {fileID: 1379629618870178950}
  m_Enabled: 1
  m_EditorHideFlags: 0
  m_Script: {fileID: 11500000, guid: f7c0886a2e07b064fae7a9746140c83e, type: 3}
  m_Name: 
  m_EditorClassIdentifier: 
  stagePieceList:
  - {fileID: 1379629619127028799}
  - {fileID: 8682145420244994455}
  - {fileID: 8682145418285335582}
  - {fileID: 8682145419106302698}
  - {fileID: 8682145418342436184}
  - {fileID: 0}
  - {fileID: 0}
  nearestStagePiece: {fileID: 0}
  elementalType: 0
--- !u!1 &1379629619650778451
GameObject:
  m_ObjectHideFlags: 0
  m_CorrespondingSourceObject: {fileID: 0}
  m_PrefabInstance: {fileID: 0}
  m_PrefabAsset: {fileID: 0}
  serializedVersion: 6
  m_Component:
  - component: {fileID: 1379629619650778450}
  - component: {fileID: 1379629619650778448}
  - component: {fileID: 1379629619650778449}
  m_Layer: 0
  m_Name: PortalCamera
  m_TagString: Untagged
  m_Icon: {fileID: 0}
  m_NavMeshLayer: 0
  m_StaticEditorFlags: 0
  m_IsActive: 1
--- !u!4 &1379629619650778450
Transform:
  m_ObjectHideFlags: 0
  m_CorrespondingSourceObject: {fileID: 0}
  m_PrefabInstance: {fileID: 0}
  m_PrefabAsset: {fileID: 0}
  m_GameObject: {fileID: 1379629619650778451}
  m_LocalRotation: {x: -0, y: -0, z: -0, w: 1}
  m_LocalPosition: {x: -4.06, y: 2.39, z: -25.2}
  m_LocalScale: {x: 1, y: 1, z: 1}
  m_Children: []
  m_Father: {fileID: 1379629618588896049}
  m_RootOrder: 2
  m_LocalEulerAnglesHint: {x: 0, y: 0, z: 0}
--- !u!20 &1379629619650778448
Camera:
  m_ObjectHideFlags: 0
  m_CorrespondingSourceObject: {fileID: 0}
  m_PrefabInstance: {fileID: 0}
  m_PrefabAsset: {fileID: 0}
  m_GameObject: {fileID: 1379629619650778451}
  m_Enabled: 1
  serializedVersion: 2
  m_ClearFlags: 1
  m_BackGroundColor: {r: 0.19215687, g: 0.3019608, b: 0.4745098, a: 0}
  m_projectionMatrixMode: 1
  m_GateFitMode: 2
  m_FOVAxisMode: 0
  m_SensorSize: {x: 36, y: 24}
  m_LensShift: {x: 0, y: 0}
  m_FocalLength: 50
  m_NormalizedViewPortRect:
    serializedVersion: 2
    x: 0
    y: 0
    width: 1
    height: 1
  near clip plane: 0.3
  far clip plane: 1000
  field of view: 60
  orthographic: 0
  orthographic size: 5
  m_Depth: 0
  m_CullingMask:
    serializedVersion: 2
    m_Bits: 4294967295
  m_RenderingPath: -1
  m_TargetTexture: {fileID: 0}
  m_TargetDisplay: 0
  m_TargetEye: 3
  m_HDR: 1
  m_AllowMSAA: 1
  m_AllowDynamicResolution: 0
  m_ForceIntoRT: 0
  m_OcclusionCulling: 1
  m_StereoConvergence: 10
  m_StereoSeparation: 0.022
--- !u!114 &1379629619650778449
MonoBehaviour:
  m_ObjectHideFlags: 0
  m_CorrespondingSourceObject: {fileID: 0}
  m_PrefabInstance: {fileID: 0}
  m_PrefabAsset: {fileID: 0}
  m_GameObject: {fileID: 1379629619650778451}
  m_Enabled: 1
  m_EditorHideFlags: 0
  m_Script: {fileID: 11500000, guid: 867b50fdffc78d149a41a0460891be9f, type: 3}
  m_Name: 
  m_EditorClassIdentifier: 
  elementalType: 0
--- !u!1001 &1379629618438524062
PrefabInstance:
  m_ObjectHideFlags: 0
  serializedVersion: 2
  m_Modification:
    m_TransformParent: {fileID: 1379629618282145003}
    m_Modifications:
    - target: {fileID: 1390842994, guid: 6238d8b37644b154ca9021ea2da8fe60, type: 3}
      propertyPath: portalPositionType
      value: 2
      objectReference: {fileID: 0}
    - target: {fileID: 4151446043237377110, guid: 6238d8b37644b154ca9021ea2da8fe60, type: 3}
      propertyPath: m_Name
      value: Teleportal_Out
      objectReference: {fileID: 0}
    - target: {fileID: 4151446043237377111, guid: 6238d8b37644b154ca9021ea2da8fe60, type: 3}
      propertyPath: m_RootOrder
      value: 2
      objectReference: {fileID: 0}
    - target: {fileID: 4151446043237377111, guid: 6238d8b37644b154ca9021ea2da8fe60, type: 3}
      propertyPath: m_LocalPosition.x
      value: 7
      objectReference: {fileID: 0}
    - target: {fileID: 4151446043237377111, guid: 6238d8b37644b154ca9021ea2da8fe60, type: 3}
      propertyPath: m_LocalPosition.y
      value: 0
      objectReference: {fileID: 0}
    - target: {fileID: 4151446043237377111, guid: 6238d8b37644b154ca9021ea2da8fe60, type: 3}
      propertyPath: m_LocalPosition.z
      value: 0
      objectReference: {fileID: 0}
    - target: {fileID: 4151446043237377111, guid: 6238d8b37644b154ca9021ea2da8fe60, type: 3}
      propertyPath: m_LocalRotation.w
      value: 1
      objectReference: {fileID: 0}
    - target: {fileID: 4151446043237377111, guid: 6238d8b37644b154ca9021ea2da8fe60, type: 3}
      propertyPath: m_LocalRotation.x
      value: -0
      objectReference: {fileID: 0}
    - target: {fileID: 4151446043237377111, guid: 6238d8b37644b154ca9021ea2da8fe60, type: 3}
      propertyPath: m_LocalRotation.y
      value: -0
      objectReference: {fileID: 0}
    - target: {fileID: 4151446043237377111, guid: 6238d8b37644b154ca9021ea2da8fe60, type: 3}
      propertyPath: m_LocalRotation.z
      value: -0
      objectReference: {fileID: 0}
    - target: {fileID: 4151446043237377111, guid: 6238d8b37644b154ca9021ea2da8fe60, type: 3}
      propertyPath: m_LocalEulerAnglesHint.x
      value: 0
      objectReference: {fileID: 0}
    - target: {fileID: 4151446043237377111, guid: 6238d8b37644b154ca9021ea2da8fe60, type: 3}
      propertyPath: m_LocalEulerAnglesHint.y
      value: 0
      objectReference: {fileID: 0}
    - target: {fileID: 4151446043237377111, guid: 6238d8b37644b154ca9021ea2da8fe60, type: 3}
      propertyPath: m_LocalEulerAnglesHint.z
      value: 0
      objectReference: {fileID: 0}
    m_RemovedComponents: []
  m_SourcePrefab: {fileID: 100100000, guid: 6238d8b37644b154ca9021ea2da8fe60, type: 3}
--- !u!4 &3078645727350466761 stripped
Transform:
  m_CorrespondingSourceObject: {fileID: 4151446043237377111, guid: 6238d8b37644b154ca9021ea2da8fe60, type: 3}
  m_PrefabInstance: {fileID: 1379629618438524062}
  m_PrefabAsset: {fileID: 0}
--- !u!1001 &1379629618616779140
PrefabInstance:
  m_ObjectHideFlags: 0
  serializedVersion: 2
  m_Modification:
    m_TransformParent: {fileID: 1379629618870178949}
    m_Modifications:
    - target: {fileID: 6069551912443997286, guid: dffbc84ed4146e146ae2332bc5b1e737, type: 3}
      propertyPath: m_RootOrder
      value: 2
      objectReference: {fileID: 0}
    - target: {fileID: 7735003373872874563, guid: dffbc84ed4146e146ae2332bc5b1e737, type: 3}
      propertyPath: m_Materials.Array.data[0]
      value: 
      objectReference: {fileID: 2100000, guid: 5d999dd4e1aa80d429c7ef39f347ad1c, type: 2}
    - target: {fileID: 7735003374721828880, guid: dffbc84ed4146e146ae2332bc5b1e737, type: 3}
      propertyPath: floor
      value: 
      objectReference: {fileID: 0}
    - target: {fileID: 7735003374721828882, guid: dffbc84ed4146e146ae2332bc5b1e737, type: 3}
      propertyPath: m_RootOrder
      value: 1
      objectReference: {fileID: 0}
    - target: {fileID: 7735003374721828882, guid: dffbc84ed4146e146ae2332bc5b1e737, type: 3}
      propertyPath: m_LocalPosition.x
      value: 0
      objectReference: {fileID: 0}
    - target: {fileID: 7735003374721828882, guid: dffbc84ed4146e146ae2332bc5b1e737, type: 3}
      propertyPath: m_LocalPosition.y
      value: -0.0000834465
      objectReference: {fileID: 0}
    - target: {fileID: 7735003374721828882, guid: dffbc84ed4146e146ae2332bc5b1e737, type: 3}
      propertyPath: m_LocalPosition.z
      value: 100
      objectReference: {fileID: 0}
    - target: {fileID: 7735003374721828882, guid: dffbc84ed4146e146ae2332bc5b1e737, type: 3}
      propertyPath: m_LocalRotation.w
      value: 1
      objectReference: {fileID: 0}
    - target: {fileID: 7735003374721828882, guid: dffbc84ed4146e146ae2332bc5b1e737, type: 3}
      propertyPath: m_LocalRotation.x
      value: 0
      objectReference: {fileID: 0}
    - target: {fileID: 7735003374721828882, guid: dffbc84ed4146e146ae2332bc5b1e737, type: 3}
      propertyPath: m_LocalRotation.y
      value: 0
      objectReference: {fileID: 0}
    - target: {fileID: 7735003374721828882, guid: dffbc84ed4146e146ae2332bc5b1e737, type: 3}
      propertyPath: m_LocalRotation.z
      value: 0
      objectReference: {fileID: 0}
    - target: {fileID: 7735003374721828882, guid: dffbc84ed4146e146ae2332bc5b1e737, type: 3}
      propertyPath: m_LocalEulerAnglesHint.x
      value: 0
      objectReference: {fileID: 0}
    - target: {fileID: 7735003374721828882, guid: dffbc84ed4146e146ae2332bc5b1e737, type: 3}
      propertyPath: m_LocalEulerAnglesHint.y
      value: 0
      objectReference: {fileID: 0}
    - target: {fileID: 7735003374721828882, guid: dffbc84ed4146e146ae2332bc5b1e737, type: 3}
      propertyPath: m_LocalEulerAnglesHint.z
      value: 0
      objectReference: {fileID: 0}
    - target: {fileID: 7735003374721828883, guid: dffbc84ed4146e146ae2332bc5b1e737, type: 3}
      propertyPath: m_Name
      value: StagePiece2
      objectReference: {fileID: 0}
    m_RemovedComponents: []
  m_SourcePrefab: {fileID: 100100000, guid: dffbc84ed4146e146ae2332bc5b1e737, type: 3}
--- !u!1 &8682145420244994455 stripped
GameObject:
  m_CorrespondingSourceObject: {fileID: 7735003374721828883, guid: dffbc84ed4146e146ae2332bc5b1e737, type: 3}
  m_PrefabInstance: {fileID: 1379629618616779140}
  m_PrefabAsset: {fileID: 0}
--- !u!4 &8682145420244994454 stripped
Transform:
  m_CorrespondingSourceObject: {fileID: 7735003374721828882, guid: dffbc84ed4146e146ae2332bc5b1e737, type: 3}
  m_PrefabInstance: {fileID: 1379629618616779140}
  m_PrefabAsset: {fileID: 0}
--- !u!1001 &1379629619713651449
PrefabInstance:
  m_ObjectHideFlags: 0
  serializedVersion: 2
  m_Modification:
    m_TransformParent: {fileID: 1379629618870178949}
    m_Modifications:
    - target: {fileID: 7735003373872874563, guid: dffbc84ed4146e146ae2332bc5b1e737, type: 3}
      propertyPath: m_Materials.Array.data[0]
      value: 
      objectReference: {fileID: 2100000, guid: 5d999dd4e1aa80d429c7ef39f347ad1c, type: 2}
    - target: {fileID: 7735003374721828882, guid: dffbc84ed4146e146ae2332bc5b1e737, type: 3}
      propertyPath: m_RootOrder
      value: 3
      objectReference: {fileID: 0}
    - target: {fileID: 7735003374721828882, guid: dffbc84ed4146e146ae2332bc5b1e737, type: 3}
      propertyPath: m_LocalPosition.x
      value: 0
      objectReference: {fileID: 0}
    - target: {fileID: 7735003374721828882, guid: dffbc84ed4146e146ae2332bc5b1e737, type: 3}
      propertyPath: m_LocalPosition.y
      value: -0.0002503395
      objectReference: {fileID: 0}
    - target: {fileID: 7735003374721828882, guid: dffbc84ed4146e146ae2332bc5b1e737, type: 3}
      propertyPath: m_LocalPosition.z
      value: 300
      objectReference: {fileID: 0}
    - target: {fileID: 7735003374721828882, guid: dffbc84ed4146e146ae2332bc5b1e737, type: 3}
      propertyPath: m_LocalRotation.w
      value: 1
      objectReference: {fileID: 0}
    - target: {fileID: 7735003374721828882, guid: dffbc84ed4146e146ae2332bc5b1e737, type: 3}
      propertyPath: m_LocalRotation.x
      value: 0
      objectReference: {fileID: 0}
    - target: {fileID: 7735003374721828882, guid: dffbc84ed4146e146ae2332bc5b1e737, type: 3}
      propertyPath: m_LocalRotation.y
      value: 0
      objectReference: {fileID: 0}
    - target: {fileID: 7735003374721828882, guid: dffbc84ed4146e146ae2332bc5b1e737, type: 3}
      propertyPath: m_LocalRotation.z
      value: 0
      objectReference: {fileID: 0}
    - target: {fileID: 7735003374721828882, guid: dffbc84ed4146e146ae2332bc5b1e737, type: 3}
      propertyPath: m_LocalEulerAnglesHint.x
      value: 0
      objectReference: {fileID: 0}
    - target: {fileID: 7735003374721828882, guid: dffbc84ed4146e146ae2332bc5b1e737, type: 3}
      propertyPath: m_LocalEulerAnglesHint.y
      value: 0
      objectReference: {fileID: 0}
    - target: {fileID: 7735003374721828882, guid: dffbc84ed4146e146ae2332bc5b1e737, type: 3}
      propertyPath: m_LocalEulerAnglesHint.z
      value: 0
      objectReference: {fileID: 0}
    - target: {fileID: 7735003374721828883, guid: dffbc84ed4146e146ae2332bc5b1e737, type: 3}
      propertyPath: m_Name
      value: StagePiece4
      objectReference: {fileID: 0}
    m_RemovedComponents: []
  m_SourcePrefab: {fileID: 100100000, guid: dffbc84ed4146e146ae2332bc5b1e737, type: 3}
--- !u!1 &8682145419106302698 stripped
GameObject:
  m_CorrespondingSourceObject: {fileID: 7735003374721828883, guid: dffbc84ed4146e146ae2332bc5b1e737, type: 3}
  m_PrefabInstance: {fileID: 1379629619713651449}
  m_PrefabAsset: {fileID: 0}
--- !u!4 &8682145419106302699 stripped
Transform:
  m_CorrespondingSourceObject: {fileID: 7735003374721828882, guid: dffbc84ed4146e146ae2332bc5b1e737, type: 3}
  m_PrefabInstance: {fileID: 1379629619713651449}
  m_PrefabAsset: {fileID: 0}
--- !u!1001 &1379629619878182612
PrefabInstance:
  m_ObjectHideFlags: 0
  serializedVersion: 2
  m_Modification:
    m_TransformParent: {fileID: 1379629618282145003}
    m_Modifications:
    - target: {fileID: 1390842994, guid: 6238d8b37644b154ca9021ea2da8fe60, type: 3}
      propertyPath: portalPositionType
      value: 1
      objectReference: {fileID: 0}
    - target: {fileID: 4151446043237377110, guid: 6238d8b37644b154ca9021ea2da8fe60, type: 3}
      propertyPath: m_Name
      value: Teleportal_Out
      objectReference: {fileID: 0}
    - target: {fileID: 4151446043237377111, guid: 6238d8b37644b154ca9021ea2da8fe60, type: 3}
      propertyPath: m_RootOrder
      value: 1
      objectReference: {fileID: 0}
    - target: {fileID: 4151446043237377111, guid: 6238d8b37644b154ca9021ea2da8fe60, type: 3}
      propertyPath: m_LocalPosition.x
      value: 3.5
      objectReference: {fileID: 0}
    - target: {fileID: 4151446043237377111, guid: 6238d8b37644b154ca9021ea2da8fe60, type: 3}
      propertyPath: m_LocalPosition.y
      value: 0
      objectReference: {fileID: 0}
    - target: {fileID: 4151446043237377111, guid: 6238d8b37644b154ca9021ea2da8fe60, type: 3}
      propertyPath: m_LocalPosition.z
      value: 0
      objectReference: {fileID: 0}
    - target: {fileID: 4151446043237377111, guid: 6238d8b37644b154ca9021ea2da8fe60, type: 3}
      propertyPath: m_LocalRotation.w
      value: 1
      objectReference: {fileID: 0}
    - target: {fileID: 4151446043237377111, guid: 6238d8b37644b154ca9021ea2da8fe60, type: 3}
      propertyPath: m_LocalRotation.x
      value: -0
      objectReference: {fileID: 0}
    - target: {fileID: 4151446043237377111, guid: 6238d8b37644b154ca9021ea2da8fe60, type: 3}
      propertyPath: m_LocalRotation.y
      value: -0
      objectReference: {fileID: 0}
    - target: {fileID: 4151446043237377111, guid: 6238d8b37644b154ca9021ea2da8fe60, type: 3}
      propertyPath: m_LocalRotation.z
      value: -0
      objectReference: {fileID: 0}
    - target: {fileID: 4151446043237377111, guid: 6238d8b37644b154ca9021ea2da8fe60, type: 3}
      propertyPath: m_LocalEulerAnglesHint.x
      value: 0
      objectReference: {fileID: 0}
    - target: {fileID: 4151446043237377111, guid: 6238d8b37644b154ca9021ea2da8fe60, type: 3}
      propertyPath: m_LocalEulerAnglesHint.y
      value: 0
      objectReference: {fileID: 0}
    - target: {fileID: 4151446043237377111, guid: 6238d8b37644b154ca9021ea2da8fe60, type: 3}
      propertyPath: m_LocalEulerAnglesHint.z
      value: 0
      objectReference: {fileID: 0}
    m_RemovedComponents: []
  m_SourcePrefab: {fileID: 100100000, guid: 6238d8b37644b154ca9021ea2da8fe60, type: 3}
--- !u!4 &3078645726967716483 stripped
Transform:
  m_CorrespondingSourceObject: {fileID: 4151446043237377111, guid: 6238d8b37644b154ca9021ea2da8fe60, type: 3}
  m_PrefabInstance: {fileID: 1379629619878182612}
  m_PrefabAsset: {fileID: 0}
--- !u!1001 &1379629619940427083
PrefabInstance:
  m_ObjectHideFlags: 0
  serializedVersion: 2
  m_Modification:
    m_TransformParent: {fileID: 1379629618870178949}
    m_Modifications:
    - target: {fileID: 7735003374721828882, guid: dffbc84ed4146e146ae2332bc5b1e737, type: 3}
      propertyPath: m_RootOrder
      value: 4
      objectReference: {fileID: 0}
    - target: {fileID: 7735003374721828882, guid: dffbc84ed4146e146ae2332bc5b1e737, type: 3}
      propertyPath: m_LocalPosition.x
      value: 0
      objectReference: {fileID: 0}
    - target: {fileID: 7735003374721828882, guid: dffbc84ed4146e146ae2332bc5b1e737, type: 3}
      propertyPath: m_LocalRotation.w
      value: 1
      objectReference: {fileID: 0}
    - target: {fileID: 7735003374721828882, guid: dffbc84ed4146e146ae2332bc5b1e737, type: 3}
      propertyPath: m_LocalRotation.x
      value: 0
      objectReference: {fileID: 0}
    - target: {fileID: 7735003374721828882, guid: dffbc84ed4146e146ae2332bc5b1e737, type: 3}
      propertyPath: m_LocalRotation.y
      value: 0
      objectReference: {fileID: 0}
    - target: {fileID: 7735003374721828882, guid: dffbc84ed4146e146ae2332bc5b1e737, type: 3}
      propertyPath: m_LocalRotation.z
      value: 0
      objectReference: {fileID: 0}
    - target: {fileID: 7735003374721828882, guid: dffbc84ed4146e146ae2332bc5b1e737, type: 3}
      propertyPath: m_LocalEulerAnglesHint.x
      value: 0
      objectReference: {fileID: 0}
    - target: {fileID: 7735003374721828882, guid: dffbc84ed4146e146ae2332bc5b1e737, type: 3}
      propertyPath: m_LocalEulerAnglesHint.y
      value: 0
      objectReference: {fileID: 0}
    - target: {fileID: 7735003374721828882, guid: dffbc84ed4146e146ae2332bc5b1e737, type: 3}
      propertyPath: m_LocalEulerAnglesHint.z
      value: 0
      objectReference: {fileID: 0}
    - target: {fileID: 7735003374721828883, guid: dffbc84ed4146e146ae2332bc5b1e737, type: 3}
      propertyPath: m_Name
      value: StagePiece5
      objectReference: {fileID: 0}
    m_RemovedComponents: []
  m_SourcePrefab: {fileID: 100100000, guid: dffbc84ed4146e146ae2332bc5b1e737, type: 3}
--- !u!1 &8682145418342436184 stripped
GameObject:
  m_CorrespondingSourceObject: {fileID: 7735003374721828883, guid: dffbc84ed4146e146ae2332bc5b1e737, type: 3}
  m_PrefabInstance: {fileID: 1379629619940427083}
  m_PrefabAsset: {fileID: 0}
--- !u!4 &8682145418342436185 stripped
Transform:
  m_CorrespondingSourceObject: {fileID: 7735003374721828882, guid: dffbc84ed4146e146ae2332bc5b1e737, type: 3}
  m_PrefabInstance: {fileID: 1379629619940427083}
  m_PrefabAsset: {fileID: 0}
--- !u!1001 &1379629620031179789
PrefabInstance:
  m_ObjectHideFlags: 0
  serializedVersion: 2
  m_Modification:
    m_TransformParent: {fileID: 1379629618870178949}
    m_Modifications:
    - target: {fileID: 7735003373872874563, guid: dffbc84ed4146e146ae2332bc5b1e737, type: 3}
      propertyPath: m_Materials.Array.data[0]
      value: 
      objectReference: {fileID: 2100000, guid: 0a9cca6f1a35da643a37b7190c5c45bd, type: 2}
    - target: {fileID: 7735003374721828880, guid: dffbc84ed4146e146ae2332bc5b1e737, type: 3}
      propertyPath: floor
      value: 
      objectReference: {fileID: 0}
    - target: {fileID: 7735003374721828882, guid: dffbc84ed4146e146ae2332bc5b1e737, type: 3}
      propertyPath: m_RootOrder
      value: 2
      objectReference: {fileID: 0}
    - target: {fileID: 7735003374721828882, guid: dffbc84ed4146e146ae2332bc5b1e737, type: 3}
      propertyPath: m_LocalPosition.x
      value: 0
      objectReference: {fileID: 0}
    - target: {fileID: 7735003374721828882, guid: dffbc84ed4146e146ae2332bc5b1e737, type: 3}
      propertyPath: m_LocalPosition.y
      value: -0.000166893
      objectReference: {fileID: 0}
    - target: {fileID: 7735003374721828882, guid: dffbc84ed4146e146ae2332bc5b1e737, type: 3}
      propertyPath: m_LocalPosition.z
      value: 200
      objectReference: {fileID: 0}
    - target: {fileID: 7735003374721828882, guid: dffbc84ed4146e146ae2332bc5b1e737, type: 3}
      propertyPath: m_LocalRotation.w
      value: 1
      objectReference: {fileID: 0}
    - target: {fileID: 7735003374721828882, guid: dffbc84ed4146e146ae2332bc5b1e737, type: 3}
      propertyPath: m_LocalRotation.x
      value: 0
      objectReference: {fileID: 0}
    - target: {fileID: 7735003374721828882, guid: dffbc84ed4146e146ae2332bc5b1e737, type: 3}
      propertyPath: m_LocalRotation.y
      value: 0
      objectReference: {fileID: 0}
    - target: {fileID: 7735003374721828882, guid: dffbc84ed4146e146ae2332bc5b1e737, type: 3}
      propertyPath: m_LocalRotation.z
      value: 0
      objectReference: {fileID: 0}
    - target: {fileID: 7735003374721828882, guid: dffbc84ed4146e146ae2332bc5b1e737, type: 3}
      propertyPath: m_LocalEulerAnglesHint.x
      value: 0
      objectReference: {fileID: 0}
    - target: {fileID: 7735003374721828882, guid: dffbc84ed4146e146ae2332bc5b1e737, type: 3}
      propertyPath: m_LocalEulerAnglesHint.y
      value: 0
      objectReference: {fileID: 0}
    - target: {fileID: 7735003374721828882, guid: dffbc84ed4146e146ae2332bc5b1e737, type: 3}
      propertyPath: m_LocalEulerAnglesHint.z
      value: 0
      objectReference: {fileID: 0}
    - target: {fileID: 7735003374721828883, guid: dffbc84ed4146e146ae2332bc5b1e737, type: 3}
      propertyPath: m_Name
      value: StagePiece3
      objectReference: {fileID: 0}
    m_RemovedComponents: []
  m_SourcePrefab: {fileID: 100100000, guid: dffbc84ed4146e146ae2332bc5b1e737, type: 3}
--- !u!1 &8682145418285335582 stripped
GameObject:
  m_CorrespondingSourceObject: {fileID: 7735003374721828883, guid: dffbc84ed4146e146ae2332bc5b1e737, type: 3}
  m_PrefabInstance: {fileID: 1379629620031179789}
  m_PrefabAsset: {fileID: 0}
--- !u!4 &8682145418285335583 stripped
Transform:
  m_CorrespondingSourceObject: {fileID: 7735003374721828882, guid: dffbc84ed4146e146ae2332bc5b1e737, type: 3}
  m_PrefabInstance: {fileID: 1379629620031179789}
  m_PrefabAsset: {fileID: 0}
--- !u!1001 &3078645726190884273
PrefabInstance:
  m_ObjectHideFlags: 0
  serializedVersion: 2
  m_Modification:
    m_TransformParent: {fileID: 1379629618282145003}
    m_Modifications:
    - target: {fileID: 2125044954, guid: 6238d8b37644b154ca9021ea2da8fe60, type: 3}
      propertyPath: player
      value: 
      objectReference: {fileID: 0}
    - target: {fileID: 2125044954, guid: 6238d8b37644b154ca9021ea2da8fe60, type: 3}
      propertyPath: elementalType
      value: 0
      objectReference: {fileID: 0}
    - target: {fileID: 4151446043237377110, guid: 6238d8b37644b154ca9021ea2da8fe60, type: 3}
      propertyPath: m_Name
      value: Teleportal_Out
      objectReference: {fileID: 0}
    - target: {fileID: 4151446043237377111, guid: 6238d8b37644b154ca9021ea2da8fe60, type: 3}
      propertyPath: m_RootOrder
      value: 0
      objectReference: {fileID: 0}
    - target: {fileID: 4151446043237377111, guid: 6238d8b37644b154ca9021ea2da8fe60, type: 3}
      propertyPath: m_LocalPosition.x
      value: 0
      objectReference: {fileID: 0}
    - target: {fileID: 4151446043237377111, guid: 6238d8b37644b154ca9021ea2da8fe60, type: 3}
      propertyPath: m_LocalPosition.y
      value: 0
      objectReference: {fileID: 0}
    - target: {fileID: 4151446043237377111, guid: 6238d8b37644b154ca9021ea2da8fe60, type: 3}
      propertyPath: m_LocalPosition.z
      value: 0
      objectReference: {fileID: 0}
    - target: {fileID: 4151446043237377111, guid: 6238d8b37644b154ca9021ea2da8fe60, type: 3}
      propertyPath: m_LocalRotation.w
      value: 1
      objectReference: {fileID: 0}
    - target: {fileID: 4151446043237377111, guid: 6238d8b37644b154ca9021ea2da8fe60, type: 3}
      propertyPath: m_LocalRotation.x
      value: -0
      objectReference: {fileID: 0}
    - target: {fileID: 4151446043237377111, guid: 6238d8b37644b154ca9021ea2da8fe60, type: 3}
      propertyPath: m_LocalRotation.y
      value: -0
      objectReference: {fileID: 0}
    - target: {fileID: 4151446043237377111, guid: 6238d8b37644b154ca9021ea2da8fe60, type: 3}
      propertyPath: m_LocalRotation.z
      value: -0
      objectReference: {fileID: 0}
    - target: {fileID: 4151446043237377111, guid: 6238d8b37644b154ca9021ea2da8fe60, type: 3}
      propertyPath: m_LocalEulerAnglesHint.x
      value: 0
      objectReference: {fileID: 0}
    - target: {fileID: 4151446043237377111, guid: 6238d8b37644b154ca9021ea2da8fe60, type: 3}
      propertyPath: m_LocalEulerAnglesHint.y
      value: 0
      objectReference: {fileID: 0}
    - target: {fileID: 4151446043237377111, guid: 6238d8b37644b154ca9021ea2da8fe60, type: 3}
      propertyPath: m_LocalEulerAnglesHint.z
      value: 0
      objectReference: {fileID: 0}
    m_RemovedComponents: []
  m_SourcePrefab: {fileID: 100100000, guid: 6238d8b37644b154ca9021ea2da8fe60, type: 3}
--- !u!4 &1379629619597849062 stripped
Transform:
  m_CorrespondingSourceObject: {fileID: 4151446043237377111, guid: 6238d8b37644b154ca9021ea2da8fe60, type: 3}
  m_PrefabInstance: {fileID: 3078645726190884273}
  m_PrefabAsset: {fileID: 0}
--- !u!1001 &8682145419726324780
PrefabInstance:
  m_ObjectHideFlags: 0
  serializedVersion: 2
  m_Modification:
    m_TransformParent: {fileID: 1379629618870178949}
    m_Modifications:
    - target: {fileID: 6069551912443997286, guid: dffbc84ed4146e146ae2332bc5b1e737, type: 3}
      propertyPath: m_RootOrder
      value: 2
      objectReference: {fileID: 0}
    - target: {fileID: 7735003374721828882, guid: dffbc84ed4146e146ae2332bc5b1e737, type: 3}
      propertyPath: m_RootOrder
      value: 0
      objectReference: {fileID: 0}
    - target: {fileID: 7735003374721828882, guid: dffbc84ed4146e146ae2332bc5b1e737, type: 3}
      propertyPath: m_LocalPosition.x
      value: 0
      objectReference: {fileID: 0}
    - target: {fileID: 7735003374721828882, guid: dffbc84ed4146e146ae2332bc5b1e737, type: 3}
      propertyPath: m_LocalPosition.y
      value: 0
      objectReference: {fileID: 0}
    - target: {fileID: 7735003374721828882, guid: dffbc84ed4146e146ae2332bc5b1e737, type: 3}
      propertyPath: m_LocalPosition.z
      value: 0
      objectReference: {fileID: 0}
    - target: {fileID: 7735003374721828882, guid: dffbc84ed4146e146ae2332bc5b1e737, type: 3}
      propertyPath: m_LocalRotation.w
      value: 1
      objectReference: {fileID: 0}
    - target: {fileID: 7735003374721828882, guid: dffbc84ed4146e146ae2332bc5b1e737, type: 3}
      propertyPath: m_LocalRotation.x
      value: 0
      objectReference: {fileID: 0}
    - target: {fileID: 7735003374721828882, guid: dffbc84ed4146e146ae2332bc5b1e737, type: 3}
      propertyPath: m_LocalRotation.y
      value: 0
      objectReference: {fileID: 0}
    - target: {fileID: 7735003374721828882, guid: dffbc84ed4146e146ae2332bc5b1e737, type: 3}
      propertyPath: m_LocalRotation.z
      value: 0
      objectReference: {fileID: 0}
    - target: {fileID: 7735003374721828882, guid: dffbc84ed4146e146ae2332bc5b1e737, type: 3}
      propertyPath: m_LocalEulerAnglesHint.x
      value: 0
      objectReference: {fileID: 0}
    - target: {fileID: 7735003374721828882, guid: dffbc84ed4146e146ae2332bc5b1e737, type: 3}
      propertyPath: m_LocalEulerAnglesHint.y
      value: 0
      objectReference: {fileID: 0}
    - target: {fileID: 7735003374721828882, guid: dffbc84ed4146e146ae2332bc5b1e737, type: 3}
      propertyPath: m_LocalEulerAnglesHint.z
      value: 0
      objectReference: {fileID: 0}
    - target: {fileID: 7735003374721828883, guid: dffbc84ed4146e146ae2332bc5b1e737, type: 3}
      propertyPath: m_Name
      value: StagePiece1
      objectReference: {fileID: 0}
    m_RemovedComponents: []
  m_SourcePrefab: {fileID: 100100000, guid: dffbc84ed4146e146ae2332bc5b1e737, type: 3}
--- !u!1 &1379629619127028799 stripped
GameObject:
  m_CorrespondingSourceObject: {fileID: 7735003374721828883, guid: dffbc84ed4146e146ae2332bc5b1e737, type: 3}
  m_PrefabInstance: {fileID: 8682145419726324780}
  m_PrefabAsset: {fileID: 0}
--- !u!4 &1379629619127028798 stripped
Transform:
  m_CorrespondingSourceObject: {fileID: 7735003374721828882, guid: dffbc84ed4146e146ae2332bc5b1e737, type: 3}
  m_PrefabInstance: {fileID: 8682145419726324780}
  m_PrefabAsset: {fileID: 0}
